<record><leader>00000cas a22000007a 4500</leader><controlfield tag="001">15250435</controlfield><controlfield tag="008">870227d18561861wiudn ne      0    0eng d</controlfield><datafield ind1=" " ind2=" " tag="010"><subfield code="a">sn 87052268 </subfield></datafield><datafield ind1=" " ind2=" " tag="040"><subfield code="a">NPX</subfield><subfield code="b">eng</subfield><subfield code="c">NPX</subfield><subfield code="d">NPV</subfield><subfield code="d">NVF</subfield><subfield code="d">OCLCQ</subfield></datafield><datafield ind1=" " ind2=" " tag="042"><subfield code="a">msc</subfield></datafield><datafield ind1="0" ind2="0" tag="245"><subfield code="a">Milwaukee daily free Democrat.</subfield></datafield><datafield ind1="3" ind2="0" tag="246"><subfield code="a">Milwaukee free Democrat</subfield></datafield><datafield ind1="3" ind2="0" tag="246"><subfield code="a">Daily free Democrat</subfield></datafield><datafield ind1=" " ind2=" " tag="260"><subfield code="a">Milwaukee, Wis. :</subfield><subfield code="b">S.M. Booth,</subfield><subfield code="c">1856-</subfield></datafield><datafield ind1=" " ind2=" " tag="300"><subfield code="a">v.</subfield></datafield><datafield ind1=" " ind2=" " tag="310"><subfield code="a">Daily (except Sunday)</subfield></datafield><datafield ind1="0" ind2=" " tag="362"><subfield code="a">Vol. 7, no. 36 (Dec. 9, 1856)-</subfield></datafield><datafield ind1="1" ind2=" " tag="362"><subfield code="a">Ceased in Oct. 1861?</subfield><subfield code="z">Cf. Oehlerts, d. E. Guide to Wis. newspapers.</subfield></datafield><datafield ind1=" " ind2=" " tag="580"><subfield code="a">Weekly eds.: Wisconsin free Democrat, 1856-&lt;&gt;, and: Wisconsin weekly free Democrat, 1857-&lt;1860&gt;.</subfield></datafield><datafield ind1=" " ind2=" " tag="752"><subfield code="a">United States</subfield><subfield code="b">Wisconsin</subfield><subfield code="c">Milwaukee</subfield><subfield code="d">Milwaukee.</subfield></datafield><datafield ind1=" " ind2=" " tag="752"><subfield code="a">United States</subfield><subfield code="b">Wisconsin</subfield><subfield code="c">Washington</subfield><subfield code="d">Milwaukee.</subfield></datafield><datafield ind1="1" ind2=" " tag="775"><subfield code="t">Wisconsin free Democrat</subfield><subfield code="w">(DLC)sn 85033178</subfield></datafield><datafield ind1="1" ind2=" " tag="775"><subfield code="t">Wisconsin weekly free Democrat</subfield><subfield code="w">(DLC)sn 87082449</subfield></datafield><datafield ind1="0" ind2="0" tag="780"><subfield code="t">Daily free Democrat</subfield><subfield code="w">(DLC)sn 87082436</subfield></datafield><datafield ind1="0" ind2="4" tag="785"><subfield code="t">Daily Wisconsin</subfield><subfield code="w">(DLC)sn 85033196</subfield></datafield></record>